% Bücher
@BOOK{VossenG-DDD,
author 		= {Gottfried Vossen},
title 		= {Datenmodelle, Datenbanksprachen und Datenbankmanagementsysteme},
language	= {Deutsch},
publisher 	= {Oldenbourg Wissenschaftsverlag},
address		= {München},
year 		= {2008}
}

@BOOK{BalzertH-UML2,
author 		= {Heide Balzert},
title 		= {UML 2 kompakt},
language	= {Deutsch},
publisher 	= {Spektrum akademischer Verlag},
address		= {Heidelberg},
year 		= {2010}
}

@BOOK{BaRiSch-WT,
author 		= {Anatol Badach, Sebastian Rieger, Matthias Schmauch},
title 		= {Web-Technologien},
language	= {Deutsch},
publisher 	= {Carl Hanser Verlag},
address		= {München},
year 		= {2003}
}

@BOOK{LowagieB-iText,
author 		= {Bruno Lowagie},
title 		= {iText in Action - Second Edition},
language	= {Englisch},
publisher 	= {Manning Publications Co.},
address		= {Greenwich},
year 		= {2011}
}

% wissenschaftliche Arbeit
@CONFERENCE{ChenPe,
author 		= {Peter Pin-Shan Chen},
title   	= {The Entity-Relationship Model - Toward a Unified View of Data},
booktitle 	= {International Conference on Very Large DataB ases},
year    	= {1976}
}

% Websites
@BOOKLET{paedML,
editor 		= {Landesakademie Baden-Württemberg},
title 		= {{paedML Novell LBW Website}},
language	= {Deutsch},
url		= {http://lehrerfortbildung-bw.de/netz/muster/novell/},
year		= {2013},
lastchecked	= {05. April 2013}
}

@BOOKLET{EclM2E,
editor 		= {Eclipse-Team},
title 		= {{Eclipse Project Website - Maven Integration for WTP}},
language	= {Englisch},
url		= {http://www.eclipse.org/m2e-wtp/},
year		= {2013},
lastchecked	= {05. April 2013}
}

@BOOKLET{WikiJSF01,
editor 		= {Wikipedia},
title 		= {{Java Server Faces Artikel - Wikipedia Website}},
language	= {Deutsch},
url		= {http://de.wikipedia.org/wiki/JavaServer\_Faces},
year		= {2013},
lastchecked	= {19. März 2013}
}

@BOOKLET{EclWt,
editor 		= {Eclipse-Team},
title 		= {{JSF Webtools for Eclipse - Eclipse Project Website}},
language	= {Englisch},
url		= {http://www.eclipse.org/webtools/jsf/},
year		= {2013},
lastchecked	= {08. März 2013}
}

@BOOKLET{Sch-Po,
author 		= {Schillerschule},
title 		= {{Portrait der Schillerschule - Schillerschule Website}},
language	= {Deutsch},
url 		= {http://129.143.227.74/index.php?option=com\_content&view=article&id=32&Itemid=3},
year		= {2013},
lastchecked	= {08. März 2013}
}

@BOOKLET{IrianLfCycl,
editor 		= {Irian-Webproject},
title 		= {{Lebenszyklus in JSF Anwendungen - Irian Webbook}},
language	= {Deutsch},
url		= {http://jsfatwork.irian.at/book\_de/jsf.html#!idx:/jsf.html},
year		= {2013},
lastchecked	= {11. März 2013}
}

@BOOKLET{IrianMVC,
editor 		= {Irian-Webproject},
title 		= {{Model View Controller in JSF Anwendungen - Irian Webbook}},
language	= {Deutsch},
url		= {http://jsfatwork.irian.at/semistatic/introduction\_printpreview.html},
year		= {2013},
lastchecked	= {11. März 2013}
}

@BOOKLET{PostgreSQLAllg,
editor 		= {PostgreSQL Global Development Group},
title 		= {{PostgreSQL About - PostgreSQL Global Development Group Website}},
language	= {Englisch},
url		= {http://www.postgresql.org/about/},
year		= {2013},
lastchecked	= {11. März 2013}
}

@BOOKLET{PostgreSQLDwnld,
editor 		= {PostgreSQL Global Development Group},
title 		= {{PostgreSQL Download - PostgreSQL Global Development Group Website}},
language	= {Englisch},
url		= {http://www.postgresql.org/download/},
year		= {2013},
lastchecked	= {11. März 2013}
}

@BOOKLET{ApacheDBCP,
editor 		= {Apache Software Foundation},
title 		= {{Database Connection Pool - Apache Software Foundation Website}},
language	= {Englisch},
url		= {http://tomcat.apache.org/tomcat-7.0-doc/jndi-datasource-examples-howto.html#Introduction},
year		= {2013},
lastchecked	= {28. April 2013}
}

@BOOKLET{JSFUnit01,
editor 		= {JBoss Community, JBoss Community.},
title 		= {{JSFUnit - JBoss Inc. \and JBoss Community Website}},
language	= {Englisch},
url		= {http://http://www.jboss.org/jsfunit/},
year		= {2013},
lastchecked	= {04. Mai 2013}
}

@BOOKLET{WikiISO9126,
editor 		= {Wikipedia},
title 		= {{ISO Norm 9126 - Wikipedia Website}},
language	= {Englisch},
url		= {http://de.wikipedia.org/wiki/ISO/IEC_9126},
year		= {2013},
lastchecked	= {04. Mai 2013}
}

@BOOKLET{GitDoku,
editor 		= {Git},
title 		= {{Git Dokumentation - Git Website}},
language	= {Englisch},
url		= {http://git-scm.com/documentation},
year		= {2013},
lastchecked	= {15. Mai 2013}
}
